@book{ncgwalter,
    author = {Walter D. van Suijlekom},
    title  = {Noncommutative Geometry and Particle Physics},
    year = {2015},
    publisher = {Springer Netherlands},
    language = {eng},
}
@book{liealgebra,
    author = {Howard Georgi},
    title  = {Lie Algebras in Particle Physics From Isospin to Unified Theories},
    year = {1999},
    publisher = {Westview Press},
    edition = {2. ed.},
    language = {eng},
}
@online{ncg4pages,
    author = {Thijs van den Broek},
    url = {http://www.noncommutativegeometry.nl/wp-content/uploads/2013/09/NCGin4pages1.pdf},
    date = {2013},
    urldate = {2021-04-13},
}
@online{ncgshort,
    author = {Peter Bongaarts},
    date = {2004},
    urldate = {2021-04-13},
    url = {http://www.lorentz.leidenuniv.nl/modphys/ncg-lecture.pdf},
}
