@article{electrodynamics,
   title={Electrodynamics from noncommutative geometry},
   volume={7},
   ISSN={1661-6952},
   url={http://dx.doi.org/10.4171/JNCG/122},
   DOI={10.4171/jncg/122},
   number={2},
   journal={Journal of Noncommutative Geometry},
   publisher={European Mathematical Society Publishing House},
   author={van den Dungen, Koen and van Suijlekom, Walter},
   year={2013},
   pages={433–456}
}

@book{ncgwalter,
    author = {Walter D. van Suijlekom},
    title  = {Noncommutative Geometry and Particle Physics},
    year = {2015},
    publisher = {Springer Netherlands},
    language = {eng},
}
`
@book{liealgebra,
    author = {Howard Georgi},
    title  = {Lie Algebras in Particle Physics From Isospin to Unified Theories},
    year = {1999},
    publisher = {Westview Press},
    edition = {2. ed.},
    language = {eng},
}
`
@online{ncg4pages,
    author = {Thijs van den Broek},
    title = {NCG in 4 pages: A very brief introduction into noncommutative geometry},
    url = {http://www.noncommutativegeometry.nl/wp-content/uploads/2013/09/NCGin4pages1.pdf},
    date = {2013},
    urldate = {2021-04-13},
}
@online{ncgshort,
    title = {A short introduction to noncommutative geometry},
    author = {Peter Bongaarts},
    date = {2004},
    urldate = {2021-04-13},
    url = {http://www.lorentz.leidenuniv.nl/modphys/ncg-lecture.pdf},
}

@article{heatkernel,
   title={Heat kernel expansion: user’s manual},
   volume={388},
   ISSN={0370-1573},
   url={http://dx.doi.org/10.1016/j.physrep.2003.09.002},
   DOI={10.1016/j.physrep.2003.09.002},
   number={5-6},
   journal={Physics Reports},
   publisher={Elsevier BV},
   author={Vassilevich, D.V.},
   year={2003},
   month={12},
   pages={279–360}
}
